00100000         2036438560001730031800250014       0339280000000606766 SERVICO SOCIAL DO COMERCIO - ABANCO DO BRASIL                         20702202202283100068903000000917030464PROCESSAMEN                                                 
00100011T0100020 20036438560001730031800250014       0339280000000606766 SERVICO SOCIAL DO COMERCIO - A                                                                                000000000702202200000000  000000000                      
00100015         000002000000000000000000000000000000000000000000000000000000000000000000000000000000000000000000000000000000000000000000000000000                                                                                              
00199999         000001000004000000                                                                                                                                                            00000000000000000000000000000                    
